<record><leader>00000cas a22000007a 4500</leader><controlfield tag="001">19478652</controlfield><controlfield tag="008">890330d19261947mouwr ne      0    0eng d</controlfield><datafield ind1=" " ind2=" " tag="010"><subfield code="a">sn 89066091 </subfield></datafield><datafield ind1=" " ind2=" " tag="040"><subfield code="a">MQN</subfield><subfield code="b">eng</subfield><subfield code="c">MQN</subfield><subfield code="d">OCLCQ</subfield></datafield><datafield ind1=" " ind2=" " tag="042"><subfield code="a">msc</subfield></datafield><datafield ind1="0" ind2=" " tag="130"><subfield code="a">Knox County news (Hurdland, Mo.)</subfield></datafield><datafield ind1="1" ind2="4" tag="245"><subfield code="a">The Knox County news.</subfield></datafield><datafield ind1=" " ind2=" " tag="260"><subfield code="a">Hurdland, Mo. :</subfield><subfield code="b">[Graphic Print. Co.]</subfield></datafield><datafield ind1=" " ind2=" " tag="300"><subfield code="a">v.</subfield></datafield><datafield ind1=" " ind2=" " tag="310"><subfield code="a">Weekly</subfield></datafield><datafield ind1="1" ind2=" " tag="362"><subfield code="a">Began in 1926? Ceased Jan. 31, 1947?</subfield></datafield><datafield ind1=" " ind2=" " tag="500"><subfield code="a">Published by Graphic Print. Co.?</subfield></datafield><datafield ind1=" " ind2=" " tag="588"><subfield code="a">Description based on: Vol. 13, no. 22 (Oct. 11, 1940).</subfield></datafield><datafield ind1=" " ind2="4" tag="651"><subfield code="a">Knox County (Mo.)</subfield><subfield code="v">Newspapers.</subfield></datafield><datafield ind1=" " ind2=" " tag="752"><subfield code="a">United States</subfield><subfield code="b">Missouri</subfield><subfield code="c">Knox</subfield><subfield code="d">Hurdland.</subfield></datafield></record>